2292 4259
389 302 467 383 ij
686 293 1755 361 1NToN-AT-1-0-·Nsss‚-&e.

457 404 492 461 J
496 397 734 459 mixtum
769 387 849 449 est
886 387 1057 449 sonus
1097 385 1328 463 quidam
1353 382 1672 460 significans
1693 405 1791 444 cor
1812 392 2070 459 parturire

385 471 533 547 quod
554 468 739 527 dicere
778 485 896 523 non
932 461 1130 535 potest.
1171 466 1241 522 Et
1273 481 1447 543 quem
1472 460 1633 519 decet
1658 456 1766 519 ista
1791 460 2074 533 iubilatiO,

382 545 483 604 nili
505 538 859 601 ineffabilem
879 543 1094 597 Deum?
1125 534 1439 595 Incstabihs
1465 540 1623 594 enim
1650 532 1733 591 est
1753 579 1770 602 ,
1793 556 1961 607 quern
1980 537 2078 599 fari

381 637 495 677 non
527 634 688 687 potes
716 637 731 671 ε
769 622 825 671 ὃ(
865 612 909 674 st
944 633 1073 671 cum
1109 610 1222 672 fari
1256 631 1373 668 non
1410 629 1572 681 potes
1597 652 1615 677 ,
1663 615 1718 666 &
1755 627 1941 670 tacere
1975 633 2080 673 non

378 690 544 751 debes
565 733 580 757 ,
608 689 745 764 quid
770 684 935 746 restat
972 685 1072 745 nifi
1101 705 1164 745 ut
1198 685 1438 763 jubiles?
1478 702 1540 741 ut
1566 682 1819 757 gaudeat
1846 708 1942 744 cor
1984 686 2079 746 fine

379 764 570 823 verbis
589 772 709 842 ,-.&
757 757 1033 829 immensa,
1074 760 1319 821 latitudo
1360 757 1704 833 gaudiorum
1751 779 1929 820 metas
1974 784 2077 822 non

381 835 592 898 habeat
629 833 1009 909 syllabarum?

532 959 726 1037 Βεηὲ
764 976 1050 1033 cantate
1102 956 1174 1030 ei
1217 937 1291 1030 ih
1336 955 1797 1054 jubilatione.

1049 1083 1112 1140 S.
1136 1079 1286 1159 Aug.
1308 1081 1505 1141 Enarr.
1536 1082 1626 1140 Il.
1674 1086 1735 1143 in
1760 1083 1975 1160 Psizlm.
1999 1108 2073 1166 32.

461 1261 771 1331 Nunquam
803 1249 864 1314 fit
885 1258 1149 1327 Neuma,
1178 1252 1271 1314 seu
1313 1259 1346 1317 J
1350 1254 1601 1327 nbilam,
1648 1256 1793 1318 nifi:

469 1339 527 1390 1⁰
567 1336 633 1389 In
674 1329 1024 1390 Annualibus
1058 1336 1113 1388 δε
1145 1330 1472 1402 Duplicibus
1504 1335 1701 1403 prirnae
1720 1377 1737 1402 ,
1766 1332 2005 1395 secundae
2024 1342 2065 1393 δι

389 1410 563 1465 tertiae
590 1403 785 1463 Claffis
805 1448 820 1472 ,
854 1402 984 1477 post
1022 1405 1283 1463 ultimam
1325 1404 1725 1477 Antiphonam
1756 1407 1859 1468 scu
1888 1411 2060 1481 vespe-

389 1500 610 1546 rarum,
641 1475 736 1538 seu
767 1477 1027 1557 cujusque
1063 1480 1351 1558 Nofiumi
1370 1524 1385 1548 ,
1425 1476 1520 1537 scu
1559 1482 1832 1543 Laudum
1848 1531 1868 1557 ,
1895 1495 1942 1544 &t
1961 1480 2058 1557 post

391 1550 742 1624 Antiphonas
775 1554 1142 1612 Canticorum
1180 1554 1660 1628 Evangelicorum
1688 1578 1708 1626 3

473 1635 534 1681 2⁰
559 1632 626 1685 In
659 1628 784 1685 aliis
811 1631 901 1686 Du
947 1627 1143 1687 licibus
1169 1633 1224 1685 &
1255 1628 1730 1700 ‘Semid-uplicibus
1749 1675 1775 1703 ,
1824 1630 1948 1705 post
1971 1634 2066 1692 An-

390 1696 657 1771 tiphonas
695 1722 891 1763 eorum
931 1722 1019 1762 em
1051 1704 1456 1780 Canticorum„

1736 3519 2003 3580 TONUS
